@ONLINE{fenabrave:2013:online,
  author = {FENABRAVE},
  title = {{Federação Nacional da Distribuição de Veículos Automotores}},
  year = {2013},
  howpublished = {\url{http://www3.fenabrave.org.br:8082/plus/}}
}

@ONLINE{vissim:2013:online,
  author = {PTV},
  title = {{Vissim}},
  year = {2013},
  howpublished = {\url{http://vision-traffic.ptvgroup.com/en-uk/products/ptv-vissim/}}
}

@ONLINE{arcady:2013:online,
  author = {{TRL Software}},
  title = {{ARCADY}},
  year = {2013},
  howpublished = {\url{https://www.trlsoftware.co.uk/products/junction_signal_design/arcady}}  
}

@ONLINE{citilabs:2013:online,
  author = {CITILABS},
  title = {{Cube Dynasim 4}},
  year = {2013},
  howpublished = {\url{http://www.citilabs.com/cube-dynasim-4}}  
}

@INPROCEEDINGS{SUMO2011,
  author = {M. Behrisch and L. Bieker and J. Erdmann and D. Krajzewicz},
  title = {{SUMO - Simulation of Urban MObility: An Overview}},
  booktitle = {SIMUL 2011, The Third International Conference on Advances in System
  Simulation},
  year = {2011},
  pages = {63-68},
  address = {Barcelona, Spain},
  month = {October},
  abstract = {SUMO is an open source traffic simulation package including net import and demand modeling components. We describe the current state of the package as well as future developments and extensions. SUMO helps to investigate several research topics e.g. route choice and traffic light algorithm or simulating vehicular communication. Therefore the framework is used in different projects to simulate automatic driving or traffic management strategies.},
  keywords = {microscopic traffic simulation, software, open source}
}

@MASTERSTHESIS{iran:2003:masther,
  author = {José Iran de Oliveira Lopes Filho},
  title = {{Pós-Avaliação da Previsão de Demanda por Transportes no município de Fortaleza}},
  school = {Universidade Federal do Ceará},
  year = {2003}
}

@BOOK{szeliski:2010:book,
  author = {Richard Szeliski},
  title = {Computer Vision: Algorithms and Applications},
  publisher = {Springer},
  year = {2010}
}

@BOOK{opencv:2008:book,
  author = {Gary Bradski and Adrian Kaehler},
  title = {Learning OpenCV},
  publisher = {O'Reilly},
  year = {2008}
}

@article{opencv_library,
  author = {Bradski, G.},
  citeulike-article-id = {2236121},
  journal = {Dr. Dobb's Journal of Software Tools},
  keywords = {bibtex-import},
  posted-at = {2008-01-15 19:21:54},
  priority = {4},
  title = {{The OpenCV Library}},
  year = {2000}
}

@ONLINE{ivision:2013:online,
  author = {{Invent Vision}},
  title = {{Aplicações}},
  year = {2013},
  howpublished = {\url{http://www.inventvision.com.br/}}
}

@MASTERSTHESIS{feitosa:2012:masther,
  author = {Francisco Coelho Citó Feitosa},
  title = {{Um estudo prático para contagem volumétrica automática de veículos usando Visão Computacional}},
  school = {Universidade Federal do Goiás},
  year = {2012}
}

@ARTICLE{thrun:2006:article,
  author = {Sebastian Thrun and Michael Montemerlo and Hendrik Dahlkamp and David Stavens and Andrei Aron and James Diebel and Philip Fong and John Gale and Morgan Halpenny and Gabriel Hoffmann and Kenny Lau and Celia Oakley and Mark Palatucci and Vaughan Pratt and Pascal Stang and Sven Strohband and Cedric Dupont and Lars-Erik Jendrossek and Christian Koelen and Charles Markey and Carlo Rummel and Joe van Niekerk and Eric Jensen and Philippe Alessandrini and Gary Bradski and Bob Davies and Scott Ettinger and Adrian Kaehler and Ara Nefian and Pamela Mahoney},
  editor = {Wiley Periodicals},
  title = {Stanley: The Robot that Won the DARPA Grand Challenge},
  journal = {Journal of Field Robotics},
  pages = {661-692},
  month = {June},
  year = {2006},
  volume = {23},
  number = {9}
}

@MASTERSTHESIS{martinsky:2007:masther,
  author = {Ondrej Martinsky},
  title = {{Algorithmic and Mathematical Principles of Automatic Number Plate Recognition Systems}},
  school = {BRNO University of Technology},
  year = {2007}
}